%YAML 1.1
%TAG !u! tag:unity3d.com,2011:
--- !u!29 &1
SceneSettings:
  m_ObjectHideFlags: 0
  m_PVSData: 
  m_PVSObjectsArray: []
  m_PVSPortalsArray: []
  m_OcclusionBakeSettings:
    smallestOccluder: 5
    smallestHole: .25
    backfaceThreshold: 100
--- !u!104 &2
RenderSettings:
  m_Fog: 0
  m_FogColor: {r: .5, g: .5, b: .5, a: 1}
  m_FogMode: 3
  m_FogDensity: .00999999978
  m_LinearFogStart: 0
  m_LinearFogEnd: 300
  m_AmbientLight: {r: .200000003, g: .200000003, b: .200000003, a: 1}
  m_SkyboxMaterial: {fileID: 0}
  m_HaloStrength: .5
  m_FlareStrength: 1
  m_FlareFadeSpeed: 3
  m_HaloTexture: {fileID: 0}
  m_SpotCookie: {fileID: 0}
  m_ObjectHideFlags: 0
--- !u!127 &3
LevelGameManager:
  m_ObjectHideFlags: 0
--- !u!157 &4
LightmapSettings:
  m_ObjectHideFlags: 0
  m_LightProbes: {fileID: 0}
  m_Lightmaps: []
  m_LightmapsMode: 1
  m_BakedColorSpace: 0
  m_UseDualLightmapsInForward: 0
  m_LightmapEditorSettings:
    m_Resolution: 50
    m_LastUsedResolution: 0
    m_TextureWidth: 1024
    m_TextureHeight: 1024
    m_BounceBoost: 1
    m_BounceIntensity: 1
    m_SkyLightColor: {r: .860000014, g: .930000007, b: 1, a: 1}
    m_SkyLightIntensity: 0
    m_Quality: 0
    m_Bounces: 1
    m_FinalGatherRays: 1000
    m_FinalGatherContrastThreshold: .0500000007
    m_FinalGatherGradientThreshold: 0
    m_FinalGatherInterpolationPoints: 15
    m_AOAmount: 0
    m_AOMaxDistance: .100000001
    m_AOContrast: 1
    m_LODSurfaceMappingDistance: 1
    m_Padding: 0
    m_TextureCompression: 0
    m_LockAtlas: 0
--- !u!196 &5
NavMeshSettings:
  m_ObjectHideFlags: 0
  m_BuildSettings:
    agentRadius: .5
    agentHeight: 2
    agentSlope: 45
    agentClimb: .400000006
    ledgeDropHeight: 0
    maxJumpAcrossDistance: 0
    accuratePlacement: 0
    minRegionArea: 2
    widthInaccuracy: 16.666666
    heightInaccuracy: 10
  m_NavMesh: {fileID: 0}
--- !u!1 &1772357698
GameObject:
  m_ObjectHideFlags: 0
  m_PrefabParentObject: {fileID: 100000, guid: 7dc832c430aba6a4d84cb78c3effda55, type: 2}
  m_PrefabInternal: {fileID: 1927591312}
  serializedVersion: 4
  m_Component:
  - 4: {fileID: 1772357700}
  - 114: {fileID: 1772357699}
  - 148: {fileID: 1772357701}
  m_Layer: 0
  m_Name: Menu
  m_TagString: Untagged
  m_Icon: {fileID: 0}
  m_NavMeshLayer: 0
  m_StaticEditorFlags: 0
  m_IsActive: 1
--- !u!114 &1772357699
MonoBehaviour:
  m_ObjectHideFlags: 0
  m_PrefabParentObject: {fileID: 11400000, guid: 7dc832c430aba6a4d84cb78c3effda55,
    type: 2}
  m_PrefabInternal: {fileID: 1927591312}
  m_GameObject: {fileID: 1772357698}
  m_Enabled: 1
  m_EditorHideFlags: 0
  m_Script: {fileID: 11500000, guid: e6303d8991760e94d890e4339423bc5b, type: 3}
  m_Name: 
  m_EditorClassIdentifier: 
  ButtonExit: {x: -140, y: 100}
  ButtonStartGame: {x: -140, y: 0}
  ButtonNetwork: {x: -140, y: -100}
  BackToMainMenu: {x: -140, y: 100}
  StartServer: {x: -140, y: 0}
  ConnectToServer: {x: -140, y: -150}
  ServerIp: {x: -35, y: -60}
  WaitText: {x: -140, y: 0}
  YouConnectedText: {x: -140, y: -100}
  StartP2PGame: {x: -140, y: 0}
  LanErrorText: {x: -140, y: -68}
  PlayerNameLable: {x: -180, y: -160}
  PasswordNameLable: {x: -180, y: -20}
  PlayerNameField: {x: 0, y: -152.5}
  PasswordPasswordField: {x: 0, y: -14}
  FieldSize: {x: 160, y: 20}
  AuthorizeButton: {x: -140, y: 100}
  AuthorizationTextStyle:
    m_Name: 
    m_Normal:
      m_Background: {fileID: 0}
      m_TextColor: {r: 0, g: 0, b: 0, a: 1}
    m_Hover:
      m_Background: {fileID: 0}
      m_TextColor: {r: 0, g: 0, b: 0, a: 1}
    m_Active:
      m_Background: {fileID: 0}
      m_TextColor: {r: 0, g: 0, b: 0, a: 1}
    m_Focused:
      m_Background: {fileID: 0}
      m_TextColor: {r: 0, g: 0, b: 0, a: 1}
    m_OnNormal:
      m_Background: {fileID: 0}
      m_TextColor: {r: 0, g: 0, b: 0, a: 1}
    m_OnHover:
      m_Background: {fileID: 0}
      m_TextColor: {r: 0, g: 0, b: 0, a: 1}
    m_OnActive:
      m_Background: {fileID: 0}
      m_TextColor: {r: 0, g: 0, b: 0, a: 1}
    m_OnFocused:
      m_Background: {fileID: 0}
      m_TextColor: {r: 0, g: 0, b: 0, a: 1}
    m_Border:
      m_Left: 0
      m_Right: 0
      m_Top: 0
      m_Bottom: 0
    m_Margin:
      m_Left: 0
      m_Right: 0
      m_Top: 0
      m_Bottom: 0
    m_Padding:
      m_Left: 0
      m_Right: 0
      m_Top: 0
      m_Bottom: 0
    m_Overflow:
      m_Left: 0
      m_Right: 0
      m_Top: 0
      m_Bottom: 0
    m_Font: {fileID: 0}
    m_FontSize: 25
    m_FontStyle: 1
    m_Alignment: 0
    m_WordWrap: 0
    m_RichText: 1
    m_TextClipping: 0
    m_ImagePosition: 0
    m_ContentOffset: {x: 0, y: 0}
    m_FixedWidth: 0
    m_FixedHeight: 0
    m_StretchWidth: 1
    m_StretchHeight: 0
  AuthorizationProblem: {x: -250, y: 40}
  ProblemStyle:
    m_Name: 
    m_Normal:
      m_Background: {fileID: 0}
      m_TextColor: {r: 1, g: 0, b: 0, a: 1}
    m_Hover:
      m_Background: {fileID: 0}
      m_TextColor: {r: 1, g: 0, b: 0, a: 1}
    m_Active:
      m_Background: {fileID: 0}
      m_TextColor: {r: 1, g: 0, b: 0, a: 1}
    m_Focused:
      m_Background: {fileID: 0}
      m_TextColor: {r: 0, g: 0, b: 0, a: 1}
    m_OnNormal:
      m_Background: {fileID: 0}
      m_TextColor: {r: 1, g: 0, b: 0, a: 1}
    m_OnHover:
      m_Background: {fileID: 0}
      m_TextColor: {r: 0, g: 0, b: 0, a: 1}
    m_OnActive:
      m_Background: {fileID: 0}
      m_TextColor: {r: 1, g: 0, b: 0, a: 1}
    m_OnFocused:
      m_Background: {fileID: 0}
      m_TextColor: {r: 0, g: 0, b: 0, a: 1}
    m_Border:
      m_Left: 0
      m_Right: 0
      m_Top: 0
      m_Bottom: 0
    m_Margin:
      m_Left: 0
      m_Right: 0
      m_Top: 0
      m_Bottom: 0
    m_Padding:
      m_Left: 0
      m_Right: 0
      m_Top: 0
      m_Bottom: 0
    m_Overflow:
      m_Left: 0
      m_Right: 0
      m_Top: 0
      m_Bottom: 0
    m_Font: {fileID: 0}
    m_FontSize: 25
    m_FontStyle: 0
    m_Alignment: 0
    m_WordWrap: 0
    m_RichText: 1
    m_TextClipping: 0
    m_ImagePosition: 0
    m_ContentOffset: {x: 0, y: 0}
    m_FixedWidth: 0
    m_FixedHeight: 0
    m_StretchWidth: 1
    m_StretchHeight: 0
--- !u!4 &1772357700
Transform:
  m_ObjectHideFlags: 0
  m_PrefabParentObject: {fileID: 400000, guid: 7dc832c430aba6a4d84cb78c3effda55, type: 2}
  m_PrefabInternal: {fileID: 1927591312}
  m_GameObject: {fileID: 1772357698}
  m_LocalRotation: {x: 0, y: 0, z: 0, w: 1}
  m_LocalPosition: {x: 1.03845203, y: -.660030544, z: -.0998535156}
  m_LocalScale: {x: 1, y: 1, z: 1}
  m_Children: []
  m_Father: {fileID: 0}
--- !u!148 &1772357701
NetworkView:
  m_ObjectHideFlags: 0
  m_PrefabParentObject: {fileID: 14800000, guid: 7dc832c430aba6a4d84cb78c3effda55,
    type: 2}
  m_PrefabInternal: {fileID: 1927591312}
  m_GameObject: {fileID: 1772357698}
  m_Enabled: 1
  m_StateSynchronization: 1
  m_Observed: {fileID: 1772357700}
  m_ViewID:
    m_ID: 1
    m_Type: 1
--- !u!1001 &1927591312
Prefab:
  m_ObjectHideFlags: 0
  serializedVersion: 2
  m_Modification:
    m_TransformParent: {fileID: 0}
    m_Modifications:
    - target: {fileID: 400000, guid: 7dc832c430aba6a4d84cb78c3effda55, type: 2}
      propertyPath: m_LocalPosition.x
      value: 1.03845203
      objectReference: {fileID: 0}
    - target: {fileID: 400000, guid: 7dc832c430aba6a4d84cb78c3effda55, type: 2}
      propertyPath: m_LocalPosition.y
      value: -.660030544
      objectReference: {fileID: 0}
    - target: {fileID: 400000, guid: 7dc832c430aba6a4d84cb78c3effda55, type: 2}
      propertyPath: m_LocalPosition.z
      value: -.0998535156
      objectReference: {fileID: 0}
    - target: {fileID: 400000, guid: 7dc832c430aba6a4d84cb78c3effda55, type: 2}
      propertyPath: m_LocalRotation.x
      value: 0
      objectReference: {fileID: 0}
    - target: {fileID: 400000, guid: 7dc832c430aba6a4d84cb78c3effda55, type: 2}
      propertyPath: m_LocalRotation.y
      value: 0
      objectReference: {fileID: 0}
    - target: {fileID: 400000, guid: 7dc832c430aba6a4d84cb78c3effda55, type: 2}
      propertyPath: m_LocalRotation.z
      value: 0
      objectReference: {fileID: 0}
    - target: {fileID: 400000, guid: 7dc832c430aba6a4d84cb78c3effda55, type: 2}
      propertyPath: m_LocalRotation.w
      value: 1
      objectReference: {fileID: 0}
    - target: {fileID: 14800000, guid: 7dc832c430aba6a4d84cb78c3effda55, type: 2}
      propertyPath: m_ViewID.m_ID
      value: 1
      objectReference: {fileID: 0}
    - target: {fileID: 14800000, guid: 7dc832c430aba6a4d84cb78c3effda55, type: 2}
      propertyPath: m_ViewID.m_Type
      value: 1
      objectReference: {fileID: 0}
    - target: {fileID: 11400000, guid: 7dc832c430aba6a4d84cb78c3effda55, type: 2}
      propertyPath: AuthorizationTextStyle.m_FontSize
      value: 25
      objectReference: {fileID: 0}
    - target: {fileID: 11400000, guid: 7dc832c430aba6a4d84cb78c3effda55, type: 2}
      propertyPath: AuthorizationTextStyle.m_FontStyle
      value: 1
      objectReference: {fileID: 0}
    - target: {fileID: 11400000, guid: 7dc832c430aba6a4d84cb78c3effda55, type: 2}
      propertyPath: AuthorizeButton.x
      value: -140
      objectReference: {fileID: 0}
    - target: {fileID: 11400000, guid: 7dc832c430aba6a4d84cb78c3effda55, type: 2}
      propertyPath: AuthorizeButton.y
      value: 100
      objectReference: {fileID: 0}
    - target: {fileID: 11400000, guid: 7dc832c430aba6a4d84cb78c3effda55, type: 2}
      propertyPath: PlayerNameLable.x
      value: -180
      objectReference: {fileID: 0}
    - target: {fileID: 11400000, guid: 7dc832c430aba6a4d84cb78c3effda55, type: 2}
      propertyPath: PlayerNameLable.y
      value: -160
      objectReference: {fileID: 0}
    - target: {fileID: 11400000, guid: 7dc832c430aba6a4d84cb78c3effda55, type: 2}
      propertyPath: PasswordNameLable.x
      value: -180
      objectReference: {fileID: 0}
    - target: {fileID: 11400000, guid: 7dc832c430aba6a4d84cb78c3effda55, type: 2}
      propertyPath: PasswordNameLable.y
      value: -20
      objectReference: {fileID: 0}
    - target: {fileID: 11400000, guid: 7dc832c430aba6a4d84cb78c3effda55, type: 2}
      propertyPath: PlayerNameField.y
      value: -152.5
      objectReference: {fileID: 0}
    - target: {fileID: 11400000, guid: 7dc832c430aba6a4d84cb78c3effda55, type: 2}
      propertyPath: PasswordPasswordField.y
      value: -14
      objectReference: {fileID: 0}
    - target: {fileID: 11400000, guid: 7dc832c430aba6a4d84cb78c3effda55, type: 2}
      propertyPath: FieldSize.x
      value: 160
      objectReference: {fileID: 0}
    - target: {fileID: 11400000, guid: 7dc832c430aba6a4d84cb78c3effda55, type: 2}
      propertyPath: FieldSize.y
      value: 20
      objectReference: {fileID: 0}
    - target: {fileID: 11400000, guid: 7dc832c430aba6a4d84cb78c3effda55, type: 2}
      propertyPath: ProblemStyle.m_FontSize
      value: 25
      objectReference: {fileID: 0}
    - target: {fileID: 11400000, guid: 7dc832c430aba6a4d84cb78c3effda55, type: 2}
      propertyPath: AuthorizationProblem.x
      value: -250
      objectReference: {fileID: 0}
    - target: {fileID: 11400000, guid: 7dc832c430aba6a4d84cb78c3effda55, type: 2}
      propertyPath: AuthorizationProblem.y
      value: 40
      objectReference: {fileID: 0}
    - target: {fileID: 11400000, guid: 7dc832c430aba6a4d84cb78c3effda55, type: 2}
      propertyPath: ProblemStyle.m_OnNormal.m_TextColor.r
      value: 1
      objectReference: {fileID: 0}
    - target: {fileID: 11400000, guid: 7dc832c430aba6a4d84cb78c3effda55, type: 2}
      propertyPath: ProblemStyle.m_OnNormal.m_TextColor.g
      value: 0
      objectReference: {fileID: 0}
    - target: {fileID: 11400000, guid: 7dc832c430aba6a4d84cb78c3effda55, type: 2}
      propertyPath: ProblemStyle.m_OnNormal.m_TextColor.b
      value: 0
      objectReference: {fileID: 0}
    - target: {fileID: 11400000, guid: 7dc832c430aba6a4d84cb78c3effda55, type: 2}
      propertyPath: ProblemStyle.m_Active.m_TextColor.r
      value: 1
      objectReference: {fileID: 0}
    - target: {fileID: 11400000, guid: 7dc832c430aba6a4d84cb78c3effda55, type: 2}
      propertyPath: ProblemStyle.m_Active.m_TextColor.g
      value: 0
      objectReference: {fileID: 0}
    - target: {fileID: 11400000, guid: 7dc832c430aba6a4d84cb78c3effda55, type: 2}
      propertyPath: ProblemStyle.m_Active.m_TextColor.b
      value: 0
      objectReference: {fileID: 0}
    - target: {fileID: 11400000, guid: 7dc832c430aba6a4d84cb78c3effda55, type: 2}
      propertyPath: ProblemStyle.m_OnActive.m_TextColor.r
      value: 1
      objectReference: {fileID: 0}
    - target: {fileID: 11400000, guid: 7dc832c430aba6a4d84cb78c3effda55, type: 2}
      propertyPath: ProblemStyle.m_OnActive.m_TextColor.g
      value: 0
      objectReference: {fileID: 0}
    - target: {fileID: 11400000, guid: 7dc832c430aba6a4d84cb78c3effda55, type: 2}
      propertyPath: ProblemStyle.m_OnActive.m_TextColor.b
      value: 0
      objectReference: {fileID: 0}
    - target: {fileID: 11400000, guid: 7dc832c430aba6a4d84cb78c3effda55, type: 2}
      propertyPath: ProblemStyle.m_Hover.m_TextColor.r
      value: 1
      objectReference: {fileID: 0}
    - target: {fileID: 11400000, guid: 7dc832c430aba6a4d84cb78c3effda55, type: 2}
      propertyPath: ProblemStyle.m_Hover.m_TextColor.g
      value: 0
      objectReference: {fileID: 0}
    - target: {fileID: 11400000, guid: 7dc832c430aba6a4d84cb78c3effda55, type: 2}
      propertyPath: ProblemStyle.m_Hover.m_TextColor.b
      value: 0
      objectReference: {fileID: 0}
    - target: {fileID: 11400000, guid: 7dc832c430aba6a4d84cb78c3effda55, type: 2}
      propertyPath: ProblemStyle.m_Normal.m_TextColor.r
      value: 1
      objectReference: {fileID: 0}
    - target: {fileID: 11400000, guid: 7dc832c430aba6a4d84cb78c3effda55, type: 2}
      propertyPath: ProblemStyle.m_Normal.m_TextColor.g
      value: 0
      objectReference: {fileID: 0}
    - target: {fileID: 11400000, guid: 7dc832c430aba6a4d84cb78c3effda55, type: 2}
      propertyPath: ProblemStyle.m_Normal.m_TextColor.b
      value: 0
      objectReference: {fileID: 0}
    m_RemovedComponents: []
  m_ParentPrefab: {fileID: 100100000, guid: 7dc832c430aba6a4d84cb78c3effda55, type: 2}
  m_RootGameObject: {fileID: 1772357698}
  m_IsPrefabParent: 0
  m_IsExploded: 1
--- !u!1 &2046575422
GameObject:
  m_ObjectHideFlags: 0
  m_PrefabParentObject: {fileID: 0}
  m_PrefabInternal: {fileID: 0}
  serializedVersion: 4
  m_Component:
  - 4: {fileID: 2046575424}
  - 131: {fileID: 2046575423}
  - 114: {fileID: 2046575425}
  m_Layer: 0
  m_Name: Logo
  m_TagString: Untagged
  m_Icon: {fileID: 0}
  m_NavMeshLayer: 0
  m_StaticEditorFlags: 0
  m_IsActive: 1
--- !u!131 &2046575423
GUITexture:
  m_ObjectHideFlags: 0
  m_PrefabParentObject: {fileID: 0}
  m_PrefabInternal: {fileID: 0}
  m_GameObject: {fileID: 2046575422}
  m_Enabled: 0
  m_Texture: {fileID: 2800000, guid: 8a32d5fe44670ac4f9466f93ec66b357, type: 3}
  m_Color: {r: .5, g: .5, b: .5, a: .5}
  m_PixelInset:
    serializedVersion: 2
    x: -64
    y: -29
    width: 128
    height: 58
  m_LeftBorder: 0
  m_RightBorder: 0
  m_TopBorder: 0
  m_BottomBorder: 0
--- !u!4 &2046575424
Transform:
  m_ObjectHideFlags: 0
  m_PrefabParentObject: {fileID: 0}
  m_PrefabInternal: {fileID: 0}
  m_GameObject: {fileID: 2046575422}
  m_LocalRotation: {x: 0, y: 0, z: 0, w: 1}
  m_LocalPosition: {x: .5, y: .5, z: 0}
  m_LocalScale: {x: 0, y: 0, z: 1}
  m_Children: []
  m_Father: {fileID: 0}
--- !u!114 &2046575425
MonoBehaviour:
  m_ObjectHideFlags: 0
  m_PrefabParentObject: {fileID: 0}
  m_PrefabInternal: {fileID: 0}
  m_GameObject: {fileID: 2046575422}
  m_Enabled: 1
  m_EditorHideFlags: 0
  m_Script: {fileID: 11500000, guid: 51e82e711cb94244d8b04d0373442a70, type: 3}
  m_Name: 
  m_EditorClassIdentifier: 
  LogoTexture: {fileID: 2800000, guid: 8a32d5fe44670ac4f9466f93ec66b357, type: 3}
